
@manual{webmet,
	Author = {Аршинский В. Л.},
	Date-Added = {2015-06-13 11:22:20 +0000},
	Date-Modified = {2015-06-13 12:18:16 +0000},
	Publisher = {ИрГТУ},
	Read = {1},
	Title = {Веб-программирование. Методические указания по выполнению лабораторных работ.},
	Volume = {10},
	Year = {2013}}

@webpage{htmlbook,
	Author = {Влад Мержевич},
	Date-Added = {2015-06-13 11:19:13 +0000},
	Date-Modified = {2015-06-13 12:17:45 +0000},
	Keywords = {html, tags},
	Lastchecked = {28.05.2015},
	Read = {1},
	Title = {htmlbook.ru},
	Url = {htmlbook.ru}}

@webpage{megatutorialflask,
	Author = {Miguel Grinberg},
	Date-Added = {2015-06-13 11:29:51 +0000},
	Date-Modified = {2015-06-13 11:31:31 +0000},
	Lastchecked = {28},
	Month = {05},
	Title = {The Flask Mega-Tutorial},
	Url = {http://blog.miguelgrinberg.com/post/the-flask-mega-tutorial-part-i-hello-world},
	Year = {2015}}

@manual{sto005,
	Date-Added = {2015-06-13 11:25:01 +0000},
	Date-Modified = {2015-06-13 11:26:45 +0000},
	Organization = {ИрГТУ},
	Title = {Оформление курсовых и дипломных проектов (работ) технических специальностей Оформление курсовых и дипломных проектов (работ) технических специальностей Оформление курсовых и дипломных проектов (работ) технических специальностей Оформление курсовых и дипломных проектов (работ) технических специальностей},
	Year = {2009}}

@webpage{pythonmanual,
	Date-Added = {2015-06-13 11:33:03 +0000},
	Date-Modified = {2015-06-13 11:33:40 +0000},
	Lastchecked = {28},
	Month = {05},
	Title = {Самоучитель Python},
	Url = {http://pythonworld.ru/samouchitel-python},
	Year = {2015}}

@webpage{flask,
	Date-Added = {2015-06-13 11:38:23 +0000},
	Date-Modified = {2015-06-13 11:39:01 +0000},
	Lastchecked = {28},
	Month = {05},
	Title = {Flask microframework documentation},
	Url = {http://flask.pocoo.org/},
	Year = {2015}}

@webpage{habr,
	Date-Added = {2015-06-13 11:21:23 +0000},
	Date-Modified = {2015-06-13 12:18:06 +0000},
	Lastchecked = {28.05.2015},
	Read = {1},
	Title = {Habrahabr},
	Url = {http://habrahabr.ru/}}

@webpage{codeacadpython,
	Date-Added = {2015-06-13 11:32:18 +0000},
	Date-Modified = {2015-06-13 12:20:21 +0000},
	Lastchecked = {28.05.2015},
	Title = {Learn to program in Python},
	Url = {http://www.codecademy.com/en/tracks/python}}

@webpage{materialdesign,
	Date-Added = {2015-06-13 11:34:54 +0000},
	Date-Modified = {2015-06-13 11:36:01 +0000},
	Lastchecked = {28},
	Month = {05},
	Organization = {Google},
	Title = {Material Design.Guidelines.},
	Url = {https://www.google.com/design/spec/material-design},
	Year = {2015}}

@webpage{stackoverflow,
	Date-Added = {2015-06-13 11:27:28 +0000},
	Date-Modified = {2015-06-13 12:19:08 +0000},
	Lastchecked = {28.05.2015},
	Title = {Stack Overflow},
	Url = {http://stackoverflow.com/}}
